@article{Stepanishen1971,
author = {Stepanishen, P. R.},
journal = {J. Acoust. Soc. Am.},
mendeley-groups = {Publications/Multiplexing 2016},
number = {3B},
pages = {841--849},
title = {The Time‚Äê-Dependent Force and Radiation Impedance on a Piston in a Rigid Infinite Planar Baffle},
volume = {49},
year = {1971}
}
@article{Selfridge1980,
author = {Selfridge, A R and Kino, G S and Khuri-Yakub, B T},
journal = {Appl. Phys. Lett.},
number = {1},
pages = {35},
title = {{A theory for the radiation pattern of a narrow-strip acoustic transducer}},
volume = {37},
year = {1980}
}